<record><leader>00000cas a22000007a 4500</leader><controlfield tag="001">11958522</controlfield><controlfield tag="008">850424d19621963wiuwr ne      0    0eng d</controlfield><datafield ind1=" " ind2=" " tag="010"><subfield code="a">sn 85040554 </subfield></datafield><datafield ind1=" " ind2=" " tag="040"><subfield code="a">NPV</subfield><subfield code="b">eng</subfield><subfield code="c">NPV</subfield><subfield code="d">OCLCQ</subfield></datafield><datafield ind1=" " ind2=" " tag="042"><subfield code="a">msc</subfield></datafield><datafield ind1=" " ind2=" " tag="045"><subfield code="a">x6x6</subfield></datafield><datafield ind1=" " ind2=" " tag="052"><subfield code="a">4123</subfield><subfield code="b">M6</subfield><subfield code="b">O9</subfield></datafield><datafield ind1="0" ind2=" " tag="130"><subfield code="a">Fox Point-Bayside-River Hills herald (Shorewood, Wis. : 1962)</subfield></datafield><datafield ind1="1" ind2="0" tag="245"><subfield code="a">Fox Point-Bayside-River Hills herald.</subfield></datafield><datafield ind1="1" ind2="3" tag="246"><subfield code="a">Fox Point Bayside herald</subfield></datafield><datafield ind1=" " ind2=" " tag="260"><subfield code="a">Shorewood, Wis. :</subfield><subfield code="b">North Shore Pub.,</subfield><subfield code="c">1962-1963.</subfield></datafield><datafield ind1=" " ind2=" " tag="300"><subfield code="a">2 v. :</subfield><subfield code="b">ill.</subfield></datafield><datafield ind1=" " ind2=" " tag="310"><subfield code="a">Weekly</subfield></datafield><datafield ind1="0" ind2=" " tag="362"><subfield code="a">May 10, 1962-July 26, 1962 ; v. 4, no. 26 (Aug. 2, 1962)-v. 5, no. 26 (Aug. 8, 1963).</subfield></datafield><datafield ind1=" " ind2=" " tag="500"><subfield code="a">On masthead: "Fox Point (Milwaukee P.O.), Wisconsin."</subfield></datafield><datafield ind1=" " ind2=" " tag="500"><subfield code="a">Editor: O.M. Gauerke and J.D. Elliott.</subfield></datafield><datafield ind1=" " ind2=" " tag="530"><subfield code="a">Available on microfilm from The State Historical Society of Wisconsin.</subfield></datafield><datafield ind1=" " ind2=" " tag="752"><subfield code="a">United States</subfield><subfield code="b">Wisconsin</subfield><subfield code="c">Milwaukee</subfield><subfield code="d">Shorewood.</subfield></datafield><datafield ind1=" " ind2=" " tag="752"><subfield code="a">United States</subfield><subfield code="b">Wisconsin</subfield><subfield code="c">Milwaukee</subfield><subfield code="d">Fox Point.</subfield></datafield><datafield ind1=" " ind2=" " tag="752"><subfield code="a">United States</subfield><subfield code="b">Wisconsin</subfield><subfield code="c">Milwaukee</subfield><subfield code="d">Bayside.</subfield></datafield><datafield ind1=" " ind2=" " tag="752"><subfield code="a">United States</subfield><subfield code="b">Wisconsin</subfield><subfield code="c">Ozaukee</subfield><subfield code="d">Bayside.</subfield></datafield><datafield ind1=" " ind2=" " tag="752"><subfield code="a">United States</subfield><subfield code="b">Wisconsin</subfield><subfield code="c">Milwaukee</subfield><subfield code="d">River Hills.</subfield></datafield><datafield ind1="0" ind2="0" tag="780"><subfield code="t">Fox Point-Bayside herald (Shorewood, Wis. : 1959)</subfield><subfield code="w">(DLC)sn 85040553</subfield></datafield><datafield ind1="0" ind2="0" tag="785"><subfield code="t">Fox Point-Bayside herald (Shorewood, Wis. : 1963)</subfield><subfield code="w">(DLC)sn 85040555</subfield></datafield></record>